@misc{Stability,
 author = {Microsoft},
 title = {HoloLens - Hologram stability},
 url = {https://developer.microsoft.com/en-us/windows/holographic/hologram_stability},
 note = {(zuletzt abgerufen am: 26.02.2017)}
}


@misc{Mapping,
 author = {Microsoft},
 title = {HoloLens - Spatial mapping},
 url = {https://developer.microsoft.com/en-us/windows/holographic/spatial_mapping},
 note = {(zuletzt abgerufen am: 26.02.2017)}
}


@misc{Design,
 author = {Microsoft},
 title = {HoloLens - Spatial mapping design},
 url = {https://developer.microsoft.com/en-us/windows/holographic/spatial_mapping_design},
 note = {(zuletzt abgerufen am: 26.02.2017)}
}


@misc{Hardware,
 author = {Microsoft},
 title = {HoloLens hardware details},
 url = {https://developer.microsoft.com/en-us/windows/holographic/hololens_hardware_details},
 note = {(zuletzt abgerufen am: 26.02.2017)}
}


@misc{Unity,
 author = {Unity},
 title = {Unity for HoloLens},
 url = {https://unity3d.com/de/partners/microsoft/hololens},
 note = {(zuletzt abgerufen am: 26.02.2017)}
}

@misc{Vuforia,
 author = {Vuforia},
 title = {Developing Vuforia Apps for HoloLens},
 url = {https://library.vuforia.com/articles/Training/Developing-Vuforia-Apps-for-HoloLens},
 note = {(zuletzt abgerufen am: 26.02.2017)}
}

@misc{Toolkit,
 author = {Microsoft},
 title = {Microsoft HoloLens Toolkit for Unity},
 url = {https://github.com/Microsoft/HoloToolkit-Unity},
 note = {(zuletzt abgerufen am: 28.02.2017)}
}

@misc{see,
 author = {Kip Kniskern},
 title = {Field of View: Here’s what you’ll see when you put on a HoloLens},
 url = {https://www.onmsft.com/news/field-of-view-heres-what-youll-see-when-you-put-on-a-hololens},
 note = {(zuletzt abgerufen am: 27.02.2017)}
}

@misc{fov,
 author = {SeanL@WCC},
 title = {Analyzing HoloLens Field of View (FOV) – Updated},
 url = {http://windowscomments.com/?p=660},
 note = {verfasst am 02.04.2015 mit Update vom 17.05.2015 (zuletzt abgerufen am: 27.02.2017)}
}

@misc{fovpatent,
 author = {Surur@mspoweruser},
 title = {Microsoft aims to solve HoloLens Field of View issue by combining wave guide and lightfield displays (patent)},
 url = {https://mspoweruser.com/microsoft-aims-solve-hololens-field-view-issue-combining-wave-guide-lightfield-displays-patent/},
 note = {verfasst am 23.12.2016 (zuletzt abgerufen am: 27.02.2017)}
}
